<collection xmlns="http://www.loc.gov/MARC21/slim"><record><leader>00641nam  2200193   450</leader><controlfield tag="001">99</controlfield><controlfield tag="003">http://montalegre.opacnet.com/OPAC/default.aspx?ContentAreaControl=ShowRegHoldings.ascx&amp;RegNo=16662</controlfield><controlfield tag="005">20</controlfield><datafield tag="095" ind1=" " ind2=" "><subfield code="a">PTBN00778621</subfield></datafield><datafield tag="100" ind1=" " ind2=" "><subfield code="a">19951024d1966    m  y0pory010305  ba</subfield></datafield><datafield tag="101" ind1="1" ind2=" "><subfield code="a">por</subfield><subfield code="c">eng</subfield></datafield><datafield tag="102" ind1=" " ind2=" "><subfield code="a">PT</subfield></datafield><datafield tag="200" ind1="1" ind2=" "><subfield code="a">&lt;A &gt;morte do coracão</subfield><subfield code="e">romance</subfield><subfield code="f">Elizabeth Bowen</subfield><subfield code="g">trad. Marília Guerra de Vasconcelos</subfield></datafield><datafield tag="210" ind1=" " ind2=" "><subfield code="a">Lisboa</subfield><subfield code="c">Portugália</subfield><subfield code="d">1966</subfield></datafield><datafield tag="215" ind1=" " ind2=" "><subfield code="a">440, [1] p., [1] f</subfield><subfield code="d">19 cm</subfield></datafield><datafield tag="225" ind1="2" ind2=" "><subfield code="a">Contemporânea</subfield><subfield code="v">88</subfield></datafield><datafield tag="700" ind1=" " ind2="1"><subfield code="a">Bowen</subfield><subfield code="b">Elizabeth</subfield><subfield code="f">1899-1973</subfield></datafield><datafield tag="702" ind1=" " ind2="1"><subfield code="a">Vasconcelos</subfield><subfield code="b">Marília de</subfield><subfield code="4">730</subfield></datafield><datafield tag="801" ind1=" " ind2="0"><subfield code="a">PT</subfield><subfield code="b">Biblioteca Municipal de Montalegre</subfield><subfield code="g">RPC</subfield></datafield><datafield tag="909" ind1="&#9;" ind2=" "><subfield code="a">1</subfield></datafield><datafield tag="966" ind1=" " ind2=" "><subfield code="a">0008097</subfield><subfield code="l">BMM</subfield><subfield code="s">SCG 821 BOW mor 88</subfield></datafield></record></collection>